
@article{karlsims,
author="Karl Sims",
title="Evolving 3D Morphology and Behavior by Competition",
year="1994",
journal="Artificial Life IV Proceedings",
pages="28--39",
publisher="MIT Press",
editor="R. Brooks and P. Maes"
}



