@article{karlsims,
  title={{Evolving 3D morphology and behavior by competition}},
  author={Sims, K.},
  journal={Artificial Life},
  volume={1},
  number={4},
  pages={353--372},
  year={1994},
  publisher={MIT Press}
}


@InProceedings{shichel,
  author =       "Yehonatan Shichel and Eran Ziserman and Moshe Sipper",
  editor =       "Maarten Keijzer and Andrea Tettamanzi and 

                 Pierre Collet and Jano I. {van Hemert} and Marco Tomassini",
  title =        "{GP}-Robocode: Using Genetic Programming to Evolve

                 Robocode Players",
  booktitle =    "Proceedings of the 8th European Conference on Genetic
                 Programming",
  publisher =    "Springer",
  series =       "Lecture Notes in Computer Science",

  volume =       "3447",
  year =         "2005",
  address =      "Lausanne, Switzerland",
  month =        "30 " # mar # " - 1 " # apr,
  organisation = "EvoNet",

  keywords =     "genetic algorithms, genetic programming",
  ISBN =         "3-540-25436-6",
  pages =        "143--154",
  URL =          "http://www.cs.bgu.ac.il/~sipper/papabs/eurogprobo-final.pdf",

  URL =          "http://springerlink.metapress.com/openurl.asp?genre=article&issn=0302-9743&volume=3447&spage=143",

  doi =          "doi:10.1007/b107383",

  bibsource =    "DBLP, http://dblp.uni-trier.de",
  abstract =     "This paper describes the first attempt to introduce
                 evolutionarily designed players into the international

                 Robocode league, a simulation-based game wherein
                 robotic tanks fight to destruction in a closed arena.
                 Using genetic programming to evolve tank strategies for
                 this highly active forum, we were able to rank third

                 out of twenty-seven players in the category of
                 HaikuBots. Our GPBot was the only entry not written by
                 a human.",
  notes =        "Part of \cite{keijzer:2005:GP} EuroGP'2005 held in

                 conjunction with EvoCOP2005 and EvoWorkshops2005",
}

